@book{mining,
  title={Social Network Data Analytics},
  author={Charu C., Aggarwal and Haixun, Wang},
  isbn={978-1-4419-8461-6},
  year={2011},
  publisher={Springer, Boston, MA},
  keywords = {Text Mining and Social Networks},
  chapter={13 - Text Mining in Social Networks}
}